@online{WCAG21,
    author = {Accessibility Guidelines Working Group (AG WG)},
    title = {Web Content Accessibility Guidelines (WCAG) 2.1},
    date = {2022-07-19},
    url = {https://www.w3.org/TR/WCAG21/},
}
@book{BasiswissenUsability,
    author = {Thomas Geis, Guido Tesch},
    title = {Basiswissen Usability und User Experience},
    subtitle = {Aus- und Weiterbildung zum UXQB Certified Professional for Usability and User Experience (CPUX) - Foundation Level (CPUX-F)},
    publisher = {dpunkt.verlag GmbH},
    date = {2019},
    location = {Heidelberg},
    language = {German},
    isbn = {9783960886297},
}
