@article{WOL05,
    author = {Dr. Prof. Jens Wolling},
    title = {Suchmaschinen? - Selektiermaschinen!},
    journal = {Suchmaschinen -Gatekeeper im Internet},
    year = {2005},
    doi = {https://www.researchgate.net/profile/Jens-Wolling/publication/267832138_Suchmaschinen_-_Selektiermaschinen/links/5561d3d208ae6f4dcc9525b2/Suchmaschinen-Selektiermaschinen.pdf}
}
@article{BRK20,
    author = {Dr. Björn Brückerhoff},
    title = {Suchmaschinen reflektiert nutzen},
    journal = {Aktuelle Beiträge zur Medienbildung},
    year = {2020},
    doi = {https://nbn-resolving.org/urn:nbn:de:bsz:14-qucosa2-709222},
}
@www{QWA22,
    author = {NN},
    title = {qwant},
    date = {20.07.2022},
    url = {https://www.qwant.com/?l=de},
}
@book{LEW18,
    author = {Dirk Lewandowski},
    title = {Suchmaschinenwerbung},
    journal = {Suchmaschinen verstehen},
    year = {2018},
    doi = {https://link.springer.com/book/10.1007/978-3-662-56411-0},
}
@www{DOL22,
    author = {Mareike Doll},
    title = {Suchmaschinen in Deutschland},
    date = {23.07.2022},
    url = {https://www.luna-park.de/ressourcen/seo-ratgeber/suchmaschinen-in-deutschland/},
}
@www{DUD22,
    author = {NN},
    title = {Duden},
    date = {23.07.2022},
    url = {https://www.duden.de/rechtschreibung/googeln},
}
@www{STA16,
    author = {NN},
    title = {Mobile and Tablet Usage},
    year = {2016},
    date = {23.07.2022},
    url = {https://gs.statcounter.com/press/mobile-and-tablet-internet-usage-exceeds-desktop-for-first-time-worldwide},
}
@www{BUI22,
    author = {NN},
    title = {Google Ranking Verbessern:Die wichtigsten Faktoren},
    date = {23.07.2022},
    url = {https://business-services.heise.de/specials/online-marketing/home/beitrag/im-internet-auf-platz-1-so-verbessern-sie-ihr-google-ranking-3795#:~:text=Mit%20Ranking%20ist%20nichts%20anderes,Sekunden%20die%20Platzierung%20Ihrer%20Website.},
}
@article{RKW20,
    author = {Elke von Rekowski},
    title = {Corona: Internet beliebte Informationsquelle},
    journal = {mednic},
    year = {2020},
    doi = {https://mednic.de/bundesbuerger-informieren-sich-online-ueber-corona/14184},
}
@www{JEC21,
    author = {Janina Jechorek},
    title = {Was ist eigentlich aus Google+ geworden?},
    date = {25.05.2022},
    url = {https://blog.hubspot.de/marketing/google-plus},
}
@misc{MAU22,
    author = {Uwe Maulhardt},
    year = {29.04.2022},
    title = {Medientechnik und Usability},
    file = {Folien 4-Webdesign-Folie 4ff.}
}
@www{LIC15,
    author = {NN},
    title = {Warum Website-Usability so wichtig für Google ist},
    date = {25.07.2022},
    url = {https://www.lichtflut-medien.de/blog/usability/},
}