@online{Qwant,
    author = {Qwant},
    title = {Qwant},
    date = {2022-07-23},
    url = {https://about.qwant.com/de/},
}



