%! Author = noel.kempter
@online{SEO-Suchmaschinen,
    author = {seo-united.de},
    title = {Suchmaschinen},
    date = {2022-07-23},
    url = {https://www.seo-united.de/suchmaschinen-verzeichnisse/},
}
    
@book{Introduction-Search-Engines,
        author = {Mark Levene},
        title = {An Introduction to Search Engines and Web Navigation},
        date = {2010-09-08},
    }

@article{Google-Spiegel,
    author = {Spiegel},
    title = {Wie die Zeit vergeht mit... Google},
    journaltitle = {Spiegel},
    date = {2013-09-04},
    url = {https://www.spiegel.de/fotostrecke/15-jahre-google-die-geschichte-des-suchmaschine-von-page-und-brin-fotostrecke-110448.html},
}

@online{Google-Webwerkstatt,
    author = {webwerkstatt},
    title = {Die Geschichte vo Google},
    date = {2022-07-23},
    url = {https://www.web-werkstatt.eu/die-geschichte-von-google/},
}